@article{Edwards2008,
  title={To prosper, organizational psychology shouldâ€¦ overcome methodological barriers to progress},
  author={Edwards, Jeffrey R},
  journal={Journal of Organizational Behavior},
  volume={29},
  number={4},
  pages={469--491},
  year={2008},
  publisher={Wiley Online Library}
}

@article{Beal2015,
  title={ESM 2.0: State of the art and future potential of experience sampling methods in organizational research},
  author={Beal, Daniel J},
  journal={Annu. Rev. Organ. Psychol. Organ. Behav.},
  volume={2},
  number={1},
  pages={383--407},
  year={2015},
  publisher={Annual Reviews}
}


@article{Dobrow2013,
  title = {Dynamics of calling: A longitudinal study of musicians},
  volume = {34},
  issn = {1099-1379},
  url = {http://dx.doi.org/10.1002/job.1808},
  doi = {10.1002/job.1808},
  timestamp = {2015-09-08 13:07:22},
  number = {4},
  journaltitle = {Journal of Organizational Behavior},
  shortjournal = {Journal of Organizational Behavior},
  author = {Dobrow, Shoshana R.},
  date = {2013},
  pages = {431--452},
  keywords = {calling,careers,longitudinal study,meaning of work,multilevel analyses,musicians}
}

@article{Taylor2014,
  title = {Developing and Testing a Dynamic Model of Workplace Incivility Change},
  url = {http://jom.sagepub.com/content/early/2014/05/09/0149206314535432.abstract},
  doi = {10.1177/0149206314535432},
  journaltitle = {Journal of Management},
  shortjournal = {Journal of Management},
  author = {Taylor, Shannon G. and Bedeian, Arthur G. and Cole, Michael S. and Zhang, Zhen},
  date = {2014-05-27}
}
@Manual{R-base,
  title = {R: A Language and Environment for Statistical Computing},
  author = {{R Core Team}},
  organization = {R Foundation for Statistical Computing},
  address = {Vienna, Austria},
  year = {2017},
  url = {https://www.R-project.org/},
}
@Book{R-ggplot2,
  author = {Hadley Wickham},
  title = {ggplot2: Elegant Graphics for Data Analysis},
  publisher = {Springer-Verlag New York},
  year = {2009},
  isbn = {978-0-387-98140-6},
  url = {http://ggplot2.org},
}
@Manual{R-papaja,
  author = {Frederik Aust and Marius Barth},
  title = {{papaja}: {Create} {APA} manuscripts with {R Markdown}},
  year = {2017},
  note = {R package version 0.1.0.9492},
  url = {https://github.com/crsh/papaja},
}

@article{Chun2014,
  title = {Members needs, intragroup conflict, and group performance.},
  volume = {99},
  issn = {1939-1854(Electronic);0021-9010(Print)},
  doi = {10.1037/a0036363},
  number = {3},
  journaltitle = {Journal of Applied Psychology},
  shortjournal = {J. Appl. Psychol.},
  author = {Chun, Jinseok S. and Choi, Jin Nam},
  date = {2014},
  pages = {437--450}
}

@article{Ziliak1997,
  title = {Efficient Estimation With Panel Data When Instruments Are Predetermined: An Empirical Comparison of Moment-Condition Estimators},
  volume = {15},
  number = {4},
  journaltitle = {Journal of Business and Economic Statistics},
  shortjournal = {J. Bus. Econ. Stat.},
  author = {Ziliak, James P.},
  date = {1997-10-01},
  pages = {419-431},
  keywords = {Economics}
}

@article{Anderson1982,
  title = {Formulation and estimation of dynamic models using panel data},
  volume = {18},
  issn = {0304-4076},
  doi = {10.1016/0304-4076(82)90095-1},
  number = {1},
  journaltitle = {Journal of Econometrics},
  shortjournal = {Journal of Econometrics},
  author = {Anderson, T.W. and Hsiao, Cheng},
  date = {1982-01-01},
  pages = {47--82}
}

@article{Schonfeld2007,
  title = {Hierarchical Linear Modeling in Organizational Research: Longitudinal Data Outside the Context of Growth Modeling},
  volume = {10},
  url = {http://orm.sagepub.com/content/10/3/417.abstract},
  doi = {10.1177/1094428107300229},
  number = {3},
  journaltitle = {Organizational Research Methods},
  shortjournal = {Organizational Research Methods},
  author = {Schonfeld, Irvin Sam and Rindskopf, David},
  date = {2007-07-01},
  pages = {417--429}
}

@article{Shin2015,
  title = {Does Team Culture Matter? Roles of Team Culture and Collective Regulatory Focus in Team Task and Creative Performance},
  url = {http://gom.sagepub.com/content/early/2015/05/06/1059601115584998.abstract},
  doi = {10.1177/1059601115584998},
  journaltitle = {Group \& Organization Management},
  shortjournal = {Group \& Organization Management},
  author = {Shin, Yuhyung and Kim, Mihee and Choi, Jin Nam and Lee, Sang-Hoon},
  date = {2015-05-04}
}


@article{Judson1999,
  title = {Estimating dynamic panel data models: a guide for macroeconomists},
  volume = {65},
  issn = {0165-1765},
  url = {http://www.sciencedirect.com/science/article/pii/S0165176599001305},
  doi = {10.1016/S0165-1765(99)00130-5},
  number = {1},
  journaltitle = {Economics Letters},
  shortjournal = {Economics Letters},
  author = {Judson, Ruth A and Owen, Ann L},
  date = {1999-10},
  pages = {9--15},
  keywords = {Dynamic model,Panel data,Simulation}
}

@article{Park2015,
  title = {Only time will tell: The changing relationships between {LMX}, job performance, and justice.},
  volume = {100},
  issn = {1939-1854(Electronic);0021-9010(Print)},
  doi = {10.1037/a0038907},
  number = {3},
  journaltitle = {Journal of Applied Psychology},
  shortjournal = {J. Appl. Psychol.},
  author = {Park, Sanghee and Sturman, Michael C. and Vanderpool, Chelsea and Chan, Elisa},
  date = {2015},
  pages = {660--680}
}

@article{Clark2015,
  title = {Should I Use Fixed or Random Effects?},
  volume = {3},
  doi = {10.1017/psrm.2014.32},
  timestamp = {2015-09-09 17:43:23},
  number = {02},
  journaltitle = {Political Science Research and Methods},
  shortjournal = {Polit. Sci. Res. Methods},
  author = {Clark, Tom S. and Linzer, Drew A.},
  date = {2015},
  pages = {399--408}
}

@article{Marriott1954,
  title = {Bias in the estimation of autocorrelations},
  volume = {41},
  timestamp = {2015-09-08 18:45:31},
  journaltitle = {Biometrika},
  shortjournal = {Biometrika},
  author = {Marriott, F. H. C and Pope, J. A},
  date = {1954},
  pages = {390--402}
}



@incollection{Hurwicz1950,
  location = {New York},
  title = {Least squares bias in time series},
  timestamp = {2015-09-08 18:46:59},
  booktitle = {Statistical Inference in Dynamic Economic Models},
  publisher = {Wiley},
  author = {Hurwicz, Leonard},
  editor = {Koopmans, T. C},
  date = {1950}
}

@article{Lancaster2000,
  title = {The incidental parameter problem since 1948},
  volume = {95},
  issn = {0304-4076},
  url = {http://www.sciencedirect.com/science/article/pii/S0304407699000445},
  doi = {10.1016/S0304-4076(99)00044-5},
  number = {2},
  journaltitle = {Journal of Econometrics},
  shortjournal = {Journal of Econometrics},
  author = {Lancaster, Tony},
  date = {2000-04},
  pages = {391--413}
}


@book{Luenberger1979,
  location = {Hoboken, {NJ}},
  title = {Introduction to Dynamic Systems: Theory, Models, and Applications},
  timestamp = {2015-09-08 16:55:55},
  publisher = {John Wiley \& Sons},
  author = {Luenberger, David G.},
  date = {1979}
}

@article{Wansbeek1996,
  title = {On {IV}, {GMM} and {ML} in a dynamic panel data model},
  volume = {51},
  issn = {0165-1765},
  url = {http://www.sciencedirect.com/science/article/pii/0165176595007857},
  doi = {10.1016/0165-1765(95)00785-7},
  timestamp = {2015-09-08 22:52:07},
  number = {2},
  journaltitle = {Economics Letters},
  shortjournal = {Economics Letters},
  author = {Wansbeek, Tom and Bekker, Paul},
  date = {1996-05},
  pages = {145--152}
}


@article{Arellano1991,
  title = {Some Tests of Specification for Panel Data: Monte Carlo Evidence and an Application to Employment Equations},
  volume = {58},
  issn = {00346527},
  doi = {10.2307/2297968},
  eprint = {2297968},
  number = {2},
  journaltitle = {The Review of Economic Studies},
  shortjournal = {The Review of Economic Studies},
  author = {Arellano, Manuel and Bond, Stephen},
  date = {1991-04-01},
  pages = {277--297}
}

@book{Wooldridge2010,
  location = {Cambridge, {MA}},
  edition = {2},
  title = {Econometric Analysis of Cross Section and Panel Data},
  timestamp = {2015-09-08 19:49:00},
  publisher = {{MIT} Press},
  author = {Wooldridge, M, Jeffrey},
  date = {2010}
}


@book{Wooldridge2000,
  title = {Introductory Econometrics: A Modern Approach},
  publisher = {South-Western College Publishing},
  author = {Wooldridge, M, Jeffrey},
  date = {2000}
}



@article{Bollen2010,
  title = {A General Panel Model with Random and Fixed Effects: A Structural Equations Approach},
  volume = {89},
  number = {1},
  journaltitle = {Social Forces},
  shortjournal = {Soc. Forces},
  author = {Bollen, Kenneth A. and Brand, Jennie E.},
  date = {2010},
  pages = {1--34},
  langid = {english},
  keywords = {Economic models,Permits,Sociology,Software,Studies,Variables}
}

@book{Harvey1990,
  location = {Cambridge, MA},
  edition = {2},
  title = {The Econometric Analysis of Time Series},
  timestamp = {2015-09-08 16:56:57},
  publisher = {MIT Press},
  author = {Harvey, Andrew C.},
  date = {1990},
  note = {harvey1990}
}

@article{Smith2014,
  title = {Dynamic Decision Making: A Model of Senior Leaders Managing Strategic Paradoxes},
  volume = {57},
  url = {http://amj.aom.org/content/57/6/1592.abstract},
  doi = {10.5465/amj.2011.0932},
  number = {6},
  journaltitle = {Academy of Management Journal},
  shortjournal = {Academy of Management Journal},
  author = {Smith, Wendy K.},
  date = {2014-12-01},
  pages = {1592--1623}
}


@article{vonEye2012,
author = {Alexander {von Eye} and Richard P. DeShon},
title = {Directional dependence in developmental research},
journal = {International Journal of Behavioral Development},
volume = {36},
number = {4},
pages = {303-312},
year = {2012},
doi = {10.1177/0165025412439968},
URL = {https://doi.org/10.1177/0165025412439968},
eprint = {https://doi.org/10.1177/0165025412439968}
}

@book{McElreath2016,
  title={Statistical Rethinking: A Bayesian Course with Examples in R and Stan},
  author={McElreath, R.},
  isbn={9781482253467},
  series={Chapman \& Hall/CRC Texts in Statistical Science},
  year={2016},
  publisher={CRC Press}
}

@book{Bollen1989,
  title={Structural Equations with Latent Variables},
  author={Kenneth A. Bollen},
  isbn={9780471011712},
  lccn={lc88027272},
  series={Wiley series in probability and mathematical statistics. Applied probability and statistics section},
  year={1989},
  publisher={Wiley}
}


@Manual{R-base,
  title = {R: A Language and Environment for Statistical Computing},
  author = {{R Core Team}},
  organization = {R Foundation for Statistical Computing},
  address = {Vienna, Austria},
  year = {2017},
  url = {https://www.R-project.org/},
}

@Manual{R-papaja,
  author = {Frederik Aust and Marius Barth},
  title = {{papaja}: {Create} {APA} manuscripts with {R Markdown}},
  year = {2017},
  note = {R package version 0.1.0.9492},
  url = {https://github.com/crsh/papaja},
}

@Book{R-knitr,
  title = {Dynamic Documents with {R} and knitr},
  author = {Yihui Xie},
  publisher = {Chapman and Hall/CRC},
  address = {Boca Raton, Florida},
  year = {2015},
  edition = {2nd},
  note = {ISBN 978-1498716963},
  url = {https://yihui.name/knitr/},
}

@Book{R-ggplot2,
  author = {Hadley Wickham},
  title = {ggplot2: Elegant Graphics for Data Analysis},
  publisher = {Springer-Verlag New York},
  year = {2009},
  isbn = {978-0-387-98140-6},
  url = {http://ggplot2.org},
}

@article{Mathieu2006,
  title={Clarifying conditions and decision points for mediational type inferences in organizational behavior},
  author={John E Mathieu and Scott R Taylor},
  journal={Journal of Organizational Behavior},
  volume={27},
  number={8},
  pages={1031--1056},
  year={2006}
}

@article{Braun2013,
  title={Spurious relationships in growth curve modeling: The effects of stochastic trends on regression-based models},
  author={Braun, Michael T and Kuljanin, Goran and DeShon, Richard P},
  journal={Modern Research Methods for the Study of Behaviour in Organisations, New York: Routledge},
  pages={161--198},
  year={2013}
}


@article{Bergh1995,
  title={Problems with repeated measures analysis: Demonstration with a study of the diversification and performance relationship},
  author={Bergh, Donald D},
  journal={Academy of Management Journal},
  volume={38},
  number={6},
  pages={1692--1708},
  year={1995}
}

@incollection{DeShon2012,
  title={Multivariate dynamics in organizational science},
  author={Richard P DeShon},
  editor={Steve W J Kozlowski},
  booktitle={The Oxford handbook of organizational psychology},
  publisher={Oxford University Press},
  pages={117--142},
  year={2012}
}

@book{Cook1979,
  title={Quasi-experimentation: Design \& analysis issues for field settings},
  author={Cook, Thomas D and Campbell, Donald Thomas and Day, Arles},
  volume={351},
  year={1979},
  publisher={Houghton Mifflin Boston}
}


@book{Howson2006,
  title={Scientific reasoning: the Bayesian approach},
  author={Howson, Colin and Urbach, Peter},
  year={2006},
  publisher={Open Court Publishing}
}

@article{Freedman1999,
  title={From association to causation: some remarks on the history of statistics},
  author={Freedman, David A},
  journal={Journal de societe francaise de statistique, 140 (5)},
  pages={5--32},
  year={1999}
}

@article{Holland1988,
  title={Causal inference, path analysis and recursive structural equations models},
  author={Holland, Paul W},
  journal={ETS Research Report Series},
  volume={1988},
  number={1},
  year={1988}
}

@article{Shadish2002,
  title={Construct validity and external validity},
  author={Shadish, William R and Cook, Thomas D and Campbell, Donald T},
  journal={Experimental and quasi-experimental designs for generalized causal inference},
  pages={64--102},
  year={2002}
}

@article{Ployhart2010,
  title={Longitudinal research: The theory, design, and analysis of change},
  author={Ployhart, Robert E and Vandenberg, Robert J},
  journal={Journal of Management},
  volume={36},
  number={1},
  pages={94--120},
  year={2010}
}


@incollection{Ployhart2008,
  title={The measurement and analysis of motivation.},
  author={Ployhart, Robert E},
  editor={Ruth Kanfer and Gilad Chen and Richard D Pritchard},
  booktitle={Work motivation},
  pages={18-61},
  publisher={New York: Routledge},
  year={2008}
}

@article{George2000,
  title={The role of time in theory and theory building},
  author={George, Jennifer M and Jones, Gareth R},
  journal={Journal of management},
  volume={26},
  number={4},
  pages={657--684},
  year={2000}
}

@article{Mitchell2001,
  title={Building better theory: Time and the specification of when things happen},
  author={Mitchell, Terence R and James, Lawrence R},
  journal={Academy of Management Review},
  volume={26},
  number={4},
  pages={530--547},
  year={2001}
}

@article{Aguinis2014,
  title={Methodological wishes for the next decade and how to make wishes come true},
  author={Aguinis, Herman and Edwards, Jeffrey R},
  journal={Journal of Management Studies},
  volume={51},
  number={1},
  pages={143--174},
  year={2014}
}

@article{Vancouver2006,
  title={When self-efficacy negatively relates to motivation and performance in a learning context.},
  author={Vancouver, Jeffrey B and Kendall, Laura N},
  journal={Journal of Applied Psychology},
  volume={91},
  number={5},
  pages={1146--1153},
  year={2006}
}

@article{Molenaar2004,
  title={A manifesto on psychology as idiographic science: Bringing the person back into scientific psychology, this time forever},
  author={Molenaar, Peter},
  journal={Measurement},
  volume={2},
  number={4},
  pages={201--218},
  year={2004}
}

@article{Sonnentag2012,
  title={Dynamic performance},
  author={Sonnentag, Sabine and Frese, Michael},
  journal={The Oxford handbook of organizational psychology},
  volume={1},
  pages={548--575},
  year={2012}
}

@incollection{Dalal2008,
  title={Motivation for what? A multivariate dynamic perspective of the criterion},
  author={Dalal, Reeshad S and Hulin, Charles L},
  editor={Ruth Kanfer and Gilad Chen and Richard D Pritchard},
  booktitle={Work motivation: Past, present, and future}, 
  pages={63--100},
  year={2008},
  publisher={New York: Taylor}
}

@article{Neal2017,
  title={Dynamic Self-Regulation and Multiple-Goal Pursuit},
  author={Neal, Andrew and Ballard, Timothy and Vancouver, Jeffrey B},
  journal={Annual Review of Organizational Psychology and Organizational Behavior},
  volume={4},
  pages={401--423},
  year={2017}
}

@article{Kozlowski2006,
  title={Enhancing the effectiveness of work groups and teams},
  author={Kozlowski, Steve W J and Ilgen, Daniel R},
  journal={Psychological science in the public interest},
  volume={7},
  number={3},
  pages={77--124},
  year={2006}
}

@incollection{Kozlowski2000,
  title={A multilevel approach to theory and research in organizations: Contextual, temporal, and emergent processes.},
  author={Steve W J Kozlowski and Katherine J Klein},
  editor={Katherine J Klein and Steve W J Kozlowski},
  booktitle={Multilevel theory, research, and methods in organizations},
  publisher={San Francisco: Jossey-Bass},
  pages={3â€“90},
  year={2000}
}


@article{Mathieu2015,
author={John E Mathieu and Michael R Kukenberger and Lauren Dâ€™Innocenzo and Greg Reilly},
year={2015},
month={05},
title={Modeling reciprocal team cohesion performance relationships, as impacted by shared leadership and membersâ€™ competence},
journal={Journal of Applied Psychology},
volume={100},
number={3},
pages={713-734},
isbn={0021-9010, 0021-9010},
language={English}
}


@article{Chun2014,
  title={Members needs, intragroup conflict, and group performance.},
  author={Chun, Jinseok S and Choi, Jin Nam},
  journal={Journal of Applied Psychology},
  volume={99},
  number={3},
  pages={437},
  year={2014}
}

@article{Piening2013,
  title={The relationship between employees' perceptions of human resource systems and organizational performance: Examining mediating mechanisms and temporal dynamics.},
  author={Piening, Erk P and Baluch, Alina M and Salge, Torsten Oliver},
  journal={Journal of Applied Psychology},
  volume={98},
  number={6},
  pages={926},
  year={2013}
}

@article{Sonnentag2008,
  title={"Did you have a nice evening?" A day-level study on recovery experiences, sleep, and affect.},
  author={Sonnentag, Sabine and Binnewies, Carmen and Mojza, Eva J},
  journal={Journal of Applied Psychology},
  volume={93},
  number={3},
  pages={674},
  year={2008}
}

@article{Wang2010,
  title={Daily work--family conflict and alcohol use: Testing the cross-level moderation effects of peer drinking norms and social support.},
  author={Mo Wang and Songqi Liu and Yujie Zhan and Junqi Shi},
  journal={Journal of Applied Psychology},
  volume={95},
  number={2},
  pages={377},
  year={2010}
}

@book{Nef2016,
  title={The Self-Tracking},
  author={Neff, Gina and Nafus, Dawn},
  year={2016},
  publisher={MIT Press}
}



@article{Scandura2000,
  title={Research methodology in management: Current practices, trends, and implications for future research},
  author={Scandura, Terri A and William, Ethlyn A},
  journal={Academy of Management journal},
  volume={43},
  number={6},
  pages={1248--1264},
  year={2000}
}

@article{Aiken2008,
  title={Doctoral training in statistics, measurement, and methodology in psychology: replication and extension of Aiken, West, Sechrest, and Reno's (1990) survey of PhD programs in North America.},
  author={Aiken, Leona S and West, Stephen G and Millsap, Roger E},
  journal={American Psychologist},
  volume={63},
  number={1},
  pages={32},
  year={2008}
}

@article{Tett2013,
  title={The 2011 SIOP graduate program benchmarking survey part 3: Curriculum and competencies},
  author={Tett, RP and Walser, B and Brown, C and Simonet, DV and Tonidandel, S},
  journal={The Industrial Organizational Psychologist},
  volume={50},
  number={4},
  pages={69--89},
  year={2013}
}

@article{Kuljanin2011,
  title={A cautionary note on modeling growth trends in longitudinal data.},
  author={Kuljanin, Goran and Braun, Michael T and DeShon, Richard P},
  journal={Psychological methods},
  volume={16},
  number={3},
  pages={249},
  year={2011}
}

@article{Jebb2015,
  title={Time series analysis for psychological research: examining and forecasting change},
  author={Jebb, Andrew T and Tay, Louis and Wang, Wei and Huang, Qiming},
  journal={Frontiers in psychology},
  volume={6},
  number={727},
  year={2015}
}

@article{Pitariu2010,
  title={Explaining change: Theorizing and testing dynamic mediated longitudinal relationships},
  author={Pitariu, Adrian H and Ployhart, Robert E},
  journal={Journal of Management},
  volume={36},
  number={2},
  pages={405--429},
  year={2010}
}

@article{Bliese2002,
  title={Growth modeling using random coefficient models: Model building, testing, and illustrations},
  author={Bliese, Paul D and Ployhart, Robert E},
  journal={Organizational Research Methods},
  volume={5},
  number={4},
  pages={362--387},
  year={2002}
}

@article{Schonfeld2007,
  title={Hierarchical linear modeling in organizational research: Longitudinal data outside the context of growth modeling},
  author={Schonfeld, Irvin Sam and Rindskopf, David},
  journal={Organizational Research Methods},
  volume={10},
  number={3},
  pages={417--429},
  year={2007}
}



@article{Liu2012,
  title={Selecting a linear mixed model for longitudinal data: repeated measures analysis of variance, covariance pattern model, and growth curve approaches.},
  author={Liu, Siwei and Rovine, Michael J and Molenaar, Peter},
  journal={Psychological methods},
  volume={17},
  number={1},
  pages={15},
  year={2012}
}

@article{Wang2016,
author = {Mo Wang and Le Zhou and Zhen Zhang},
title = {Dynamic Modeling},
journal = {Annual Review of Organizational Psychology and Organizational Behavior},
volume = {3},
number = {1},
pages = {241-266},
year = {2016},
doi = {10.1146/annurev-orgpsych-041015-062553}
}

@article{Scott2011,
  title={A multilevel field investigation of emotional labor, affect, work withdrawal, and gender},
  author={Scott, Brent A and Barnes, Christopher M},
  journal={Academy of management journal},
  volume={54},
  number={1},
  pages={116--136},
  year={2011}
}

@article{Lanaj2014,
  title={Beginning the workday yet already depleted? Consequences of late-night smartphone use and sleep},
  author={Lanaj, Klodiana and Johnson, Russell E and Barnes, Christopher M},
  journal={Organizational Behavior and Human Decision Processes},
  volume={124},
  number={1},
  pages={11--23},
  year={2014}
}

@article{Lanaj2016,
  title={Benefits of transformational behaviors for leaders: A daily investigation of leader behaviors and need fulfillment},
  author={Lanaj, Klodiana and Johnson, Russell E and Lee, Stephanie M},
  journal={Journal of Applied Psychology},
  volume={101},
  number={2},
  pages={237},
  year={2016}
}

@article{Koopman2016,
  title={Integrating the bright and dark sides of OCB: A daily investigation of the benefits and costs of helping others},
  author={Koopman, Joel and Lanaj, Klodiana and Scott, Brent A},
  journal={Academy of Management Journal},
  volume={59},
  number={2},
  pages={414--435},
  year={2016}
}

@article{Rosen2016,
  title={Who strikes back? A daily investigation of when and why incivility begets incivility.},
  author={Rosen, Christopher C and Koopman, Joel and Gabriel, Allison S and Johnson, Russell E},
  year={2016},
  journal={Journal of Applied Psychology},
  volume={101},
  number={11},
  pages={1620â€“1634}
}



@article{Lanaj2016b,
  title={When lending a hand depletes the will: The daily costs and benefits of helping.},
  author={Lanaj, Klodiana and Johnson, Russell E and Wang, Mo},
  journal={Journal of Applied Psychology},
  volume={101},
  number={8},
  pages={1097},
  year={2016}
}

@article{Johnson2014,
  title={The good and bad of being fair: Effects of procedural and interpersonal justice behaviors on regulatory resources.},
  author={Johnson, Russell E and Lanaj, Klodiana and Barnes, Christopher M},
  journal={Journal of Applied Psychology},
  volume={99},
  number={4},
  pages={635},
  year={2014}
}

@article{Gabriel2017,
  title={Helping others or helping oneself? An episodic examination of the behavioral consequences of helping at work},
  author={Gabriel, Allison S and Koopman, Joel and Rosen, Christopher C and Johnson, Russell E},
  journal={Personnel Psychology},
  volume={101},
  number={3},
  pages={379--391},
  year={2017}
}

@article{Brannick1995,
  title={Critical comments on applying covariance structure modeling},
  author={Brannick, Michael T},
  journal={Journal of Organizational Behavior},
  volume={16},
  number={3},
  pages={201--213},
  year={1995}
}

@article{Williams1995,
  title={Covariance structure modeling in organizational research: Problems with the method versus applications of the method},
  author={Williams, Larry J},
  journal={Journal of Organizational Behavior},
  volume={16},
  number={3},
  pages={225--233},
  year={1995}
}

@inproceedings{Dawid2010,
  title={Beware of the DAG!},
  author={Dawid, A Philip},
  booktitle={Causality: Objectives and Assessment},
  pages={59--86},
  year={2010}
}

@article{Binning1989,
  title={Validity of personnel decisions: A conceptual analysis of the inferential and evidential bases.},
  author={Binning, John F and Barrett, Gerald V},
  journal={Journal of Applied Psychology},
  volume={74},
  number={3},
  pages={478},
  year={1989}
}

@article{Pearl2009,
  title={Causal inference in statistics: An overview},
  author={Pearl, Judea},
  journal={Statistics surveys},
  volume={3},
  pages={96--146},
  year={2009}
}

@book{Kuhn1970,
  title={The Structure of Scientific Revolutions},
  author={Kuhn, Thomas S},
  year={1970},
  publisher={Chicago: University of Chicago Press}

}

@article{Freedman1991,
  title={Statistical models and shoe leather},
  author={Freedman, David A},
  journal={Sociological methodology},
  pages={291--313},
  year={1991}
}

@article{Dawid2016,
  title={From statistical evidence to evidence of causality},
  author={Dawid, A Philip and Musio, Monica and Fienberg, Stephen E},
  journal={Bayesian Analysis},
  volume={11},
  number={3},
  pages={725--752},
  year={2016}
}

@article{Simon1954,
  title={Spurious correlation: a causal interpretation},
  author={Simon, Herbert A},
  journal={Journal of the American statistical Association},
  volume={49},
  number={267},
  pages={467--479},
  year={1954}
}

@article{Williams1986,
  title={Antecedents and consequences of satisfaction and commitment in turnover models: A reanalysis using latent variable structural equation methods.},
  author={Larry J Williams and John T Hazer},
  journal={Journal of applied psychology},
  volume={71},
  number={2},
  pages={219},
  year={1986}
}

@article{Wainer2006,
  title={28 Three Statistical Paradoxes in the Interpretation of Group Differences: Illustrated with Medical School Admission and Licensing Data},
  author={Wainer, Howard and Brown, Lisa M},
  journal={Handbook of statistics},
  volume={26},
  pages={893--918},
  year={2006}
}

@article{Mcgrath1981,
  title={Dilemmatics: The study of research choices and dilemmas},
  author={McGrath, Joseph E},
  journal={American Behavioral Scientist},
  volume={25},
  number={2},
  pages={179--210},
  year={1981}
}

@article{Blalock1971,
  title={Causal models involving unmeasured variables in stimulus-response situations},
  author={Blalock, Hubert M},
  journal={Causal models in the social sciences},
  pages={335--347},
  year={1971}
}

@incollection{Pearl2012,
  title={The causal foundations of structural equation modeling},
  author={Pearl, Judea},
  editor={R H Hoyle},
  booktitle={Handbook of structural equation modeling},
  publisher={New York: Guilford Press},
  year={2012}
}

@article{Mathieu2008,
  title={Mediational inferences in organizational research: Then, now, and beyond},
  author={John E Mathieu and Richard P DeShon and Donald D Bergh},
  journal={Organizational Research Methods},
  volume={11},
  number={2},
  pages={203--223},
  year={2008}
}

@article{Anderson1992,
  title={Assumptions about unmeasured variables with studies of reciprocal relationships: The case of employee attitudes.},
  author={Anderson, Stella E and Williams, Larry J},
  journal={Journal of Applied Psychology},
  volume={77},
  number={5},
  pages={638},
  year={1992}
}

@book{Wooldridge2010,
  title={Econometric analysis of cross section and panel data},
  author={Wooldridge, Jeffrey M},
  year={2010},
  publisher={MIT press}
}

@article{Barcikowski1981,
  title={Statistical power with group mean as the unit of analysis},
  author={Barcikowski, Robert S},
  journal={Journal of Educational Statistics},
  volume={6},
  number={3},
  pages={267--285},
  year={1981},
  publisher={Sage Publications Sage CA: Thousand Oaks, CA}
}

@article{Antonakis2010,
  title={On making causal claims: A review and recommendations},
  author={Antonakis, John and Bendahan, Samuel and Jacquart, Philippe and Lalive, Rafael},
  journal={The Leadership Quarterly},
  volume={21},
  number={6},
  pages={1086--1120},
  year={2010}
}

@article{Oboyle2011,
author={O'Boyle, Ernest H., Jr. and Williams, Larry J},
year={2011},
month={01},
title={Decomposing model fit: Measurement vs. theory in organizational research using latent variables},
journal={Journal of Applied Psychology},
volume={96},
number={1},
pages={1-12}
}


@article{Grant2009,
  title={The neglected science and art of quasi-experimentation: Why-to, when-to, and how-to advice for organizational researchers},
  author={Grant, Adam M and Wall, Toby D},
  journal={Organizational Research Methods},
  volume={12},
  number={4},
  pages={653--686},
  year={2009}
}

@article{Beal2003,
  title={Methods of ecological momentary assessment in organizational research},
  author={Beal, Daniel J and Weiss, Howard M},
  journal={Organizational Research Methods},
  volume={6},
  number={4},
  pages={440--464},
  year={2003}
}

@article{Bergh1993,
  title={Watch the time carefully: The use and misuse of time effects in management research},
  author={Bergh, Donald D},
  journal={Journal of Management},
  volume={19},
  number={3},
  pages={683--705},
  year={1993}
}

@article{Engle1987,
  title={Co-integration and error correction: representation, estimation, and testing},
  author={Engle, Robert F and Granger, Clive WJ},
  journal={Econometrica: journal of the Econometric Society},
  pages={251--276},
  year={1987}
}

@article{Granger1974,
  title={Spurious regressions in econometrics},
  author={Granger, Clive WJ and Newbold, Paul},
  journal={Journal of econometrics},
  volume={2},
  number={2},
  pages={111--120},
  year={1974}
}

@article{vonEye2012,
  title={Directional dependence in developmental research},
  author={von Eye, Alexander and DeShon, Richard P},
  journal={International Journal of Behavioral Development},
  volume={36},
  number={4},
  pages={303--312},
  year={2012}
}

@article{Smaldino2016,
  title={The natural selection of bad science},
  author={Smaldino, Paul E and McElreath, Richard},
  journal={Royal Society open science},
  volume={3},
  number={9},
  pages={160384},
  year={2016}
}

@article{Wheeler1991,
  title={Self-recording of everyday life events: Origins, types, and uses},
  author={Wheeler, Ladd and Reis, Harry T},
  journal={Journal of personality},
  volume={59},
  number={3},
  pages={339--354},
  year={1991}
}

@article{Schonfeld2007,
  title={Hierarchical linear modeling in organizational research: Longitudinal data outside the context of growth modeling},
  author={Schonfeld, Irvin Sam and Rindskopf, David},
  journal={Organizational Research Methods},
  volume={10},
  number={3},
  pages={417--429},
  year={2007}
}

@book{Finch2014,
  title={Multilevel modeling using R},
  author={Finch, W Holmes and Bolin, Jocelyn E and Kelley, Ken},
  year={2014},
  publisher={Crc Press}
}

@Manual{R-base,
  title = {R: A Language and Environment for Statistical Computing},
  author = {{R Core Team}},
  organization = {R Foundation for Statistical Computing},
  address = {Vienna, Austria},
  year = {2017},
  url = {https://www.R-project.org/},
}

@Manual{R-bindrcpp,
  title = {bindrcpp: An 'Rcpp' Interface to Active Bindings},
  author = {Kirill MÃ¼ller},
  year = {2017},
  note = {R package version 0.2},
  url = {https://CRAN.R-project.org/package=bindrcpp},
}

@Manual{R-dplyr,
  title = {dplyr: A Grammar of Data Manipulation},
  author = {Hadley Wickham and Romain Francois and Lionel Henry and Kirill MÃ¼ller},
  year = {2017},
  note = {R package version 0.7.4},
  url = {https://CRAN.R-project.org/package=dplyr},
}

@Book{R-ggplot2,
  author = {Hadley Wickham},
  title = {ggplot2: Elegant Graphics for Data Analysis},
  publisher = {Springer-Verlag New York},
  year = {2009},
  isbn = {978-0-387-98140-6},
  url = {http://ggplot2.org},
}

@Article{R-lavaan,
  title = {{lavaan}: An {R} Package for Structural Equation Modeling},
  author = {Yves Rosseel},
  journal = {Journal of Statistical Software},
  year = {2012},
  volume = {48},
  number = {2},
  pages = {1--36},
  url = {http://www.jstatsoft.org/v48/i02/},
}

@Article{R-lubridate,
  title = {Dates and Times Made Easy with {lubridate}},
  author = {Garrett Grolemund and Hadley Wickham},
  journal = {Journal of Statistical Software},
  year = {2011},
  volume = {40},
  number = {3},
  pages = {1--25},
  url = {http://www.jstatsoft.org/v40/i03/},
}

@Manual{R-papaja,
  author = {Frederik Aust and Marius Barth},
  title = {{papaja}: {Create} {APA} manuscripts with {R Markdown}},
  year = {2017},
  note = {R package version 0.1.0.9492},
  url = {https://github.com/crsh/papaja},
}

@Manual{R-purrr,
  title = {purrr: Functional Programming Tools},
  author = {Lionel Henry and Hadley Wickham},
  year = {2017},
  note = {R package version 0.2.4},
  url = {https://CRAN.R-project.org/package=purrr},
}

@Manual{R-readr,
  title = {readr: Read Rectangular Text Data},
  author = {Hadley Wickham and Jim Hester and Romain Francois},
  year = {2017},
  note = {R package version 1.1.1},
  url = {https://CRAN.R-project.org/package=readr},
}

@Manual{R-stringr,
  title = {stringr: Simple, Consistent Wrappers for Common String Operations},
  author = {Hadley Wickham},
  year = {2017},
  note = {R package version 1.2.0},
  url = {https://CRAN.R-project.org/package=stringr},
}

@Manual{R-tibble,
  title = {tibble: Simple Data Frames},
  author = {Kirill MÃ¼ller and Hadley Wickham},
  year = {2017},
  note = {R package version 1.3.4},
  url = {https://CRAN.R-project.org/package=tibble},
}

@Manual{R-tidyr,
  title = {tidyr: Easily Tidy Data with 'spread()' and 'gather()' Functions},
  author = {Hadley Wickham and Lionel Henry},
  year = {2017},
  note = {R package version 0.7.2},
  url = {https://CRAN.R-project.org/package=tidyr},
}

@Manual{R-tidyverse,
  title = {tidyverse: Easily Install and Load 'Tidyverse' Packages},
  author = {Hadley Wickham},
  year = {2017},
  note = {R package version 1.1.1},
  url = {https://CRAN.R-project.org/package=tidyverse},
}

@incollection{Miner2006,
  title={Multimethods in Industrial and Organizational Psychology: Expanding" Methods" to Include Longitudinal Designs.},
  author={Miner, Andrew G and Hulin, Charles L},
  editor={M Did and E Diener},
  booktitle={Handbook of multi method measurement in psychology},
  publisher={American Psychological Association},
  pages={429â€”439},
  year={2006}
}

@article{Wainer1991,
  title={Adjusting for differential base rates: Lord's paradox again.},
  author={Wainer, Howard},
  journal={Psychological bulletin},
  volume={109},
  number={1},
  pages={147},
  year={1991}
}

@article{Williams2003,
  title={Recent advances in causal modeling methods for organizational and management research},
  author={Larry J Williams and Jeffrey R Edwards and Robert J Vandenberg},
  journal={Journal of management},
  volume={29},
  number={6},
  pages={903--936},
  year={2003}
}

@article{Weinhardt2012,
  title={Computational models and organizational psychology: Opportunities abound},
  author={Weinhardt, Justin M and Vancouver, Jeffrey B},
  journal={Organizational Psychology Review},
  volume={2},
  number={4},
  pages={267--292},
  year={2012}
}

@book{Ilgen2000,
  title={Computational modeling of behavior in organizations: The third scientific discipline.},
  author={Ilgen, Daniel R and Hulin, Charles L},
  year={2000},
  publisher={American Psychological Association}
}

@book{Edwards2010,
  title={Organizational transformation for sustainability: An integral metatheory},
  author={Mark Edwards},
  year={2010},
  publisher={Routledge}
}

@article{Leavitt2010,
  title={Theory pruning: Strategies to reduce our dense theoretical landscape},
  author={Leavitt, Keith and Mitchell, Terence R and Peterson, Jeff},
  journal={Organizational Research Methods},
  volume={13},
  number={4},
  pages={644--667},
  year={2010}
}

@article{Cortina2017,
  title={Twilight of dawn or of evening? A century of research methods in the Journal of Applied Psychology.},
  author={Cortina, Jose M and Aguinis, Herman and DeShon, Richard P},
  journal={Journal of Applied Psychology},
  volume={102},
  number={3},
  pages={274},
  year={2017}
}

@article{Cucina2016,
  title={Pseudotheory proliferation is damaging the organizational sciences},
  author={Cucina, Jeffrey M and McDaniel, Michael A},
  journal={Journal of Organizational Behavior},
  volume={37},
  number={8},
  pages={1116--1125},
  year={2016}
}

@article{Cortina2016,
  title={Defining and operationalizing theory},
  author={Cortina, Jose M},
  journal={Journal of Organizational Behavior},
  volume={37},
  number={8},
  pages={1142--1149},
  year={2016}
}

@article{Hambrick2007,
  title={The field of management's devotion to theory: Too much of a good thing?},
  author={Hambrick, Donald C},
  journal={Academy of Management Journal},
  volume={50},
  number={6},
  pages={1346--1352},
  year={2007}
}

@article {Mathieu2016,
author = {Mathieu, John E},
title = {The problem with [in] management theory},
journal = {Journal of Organizational Behavior},
volume = {37},
number = {8},
issn = {1099-1379},
doi = {10.1002/job.2114},
pages = {1132--1141},
year = {2016}
}

@article{Cortina2017,
  title={Degrees of freedom in SEM: Are we testing the models that we claim to test?},
  author={Cortina, Jose M and Green, Jennifer P and Keeler, Kathleen R and Vandenberg, Robert J},
  journal={Organizational Research Methods},
  volume={20},
  number={3},
  pages={350--378},
  year={2017}
}

@book{Dubin1976,
  title={Theory building},
  author={Dubin, Robert},
  year={1976},
  publisher={New York: Free Press}
}

@article{Whetten1989,
  title={What constitutes a theoretical contribution?},
  author={Whetten, David A},
  journal={Academy of management review},
  volume={14},
  number={4},
  pages={490--495},
  year={1989}
}

@article{Mitchell2001,
  title={Building better theory: Time and the specification of when things happen},
  author={Mitchell, Terence R and James, Lawrence R},
  journal={Academy of Management Review},
  volume={26},
  number={4},
  pages={530--547},
  year={2001}
}

@article{Landy1987,
  title={Motivation theory reconsidered.},
  author={Landy, Frank J and Becker, Wendy S},
  journal={Research in organizational behavior},
  year={1987}
}

@article{Platt1964,
  title={Strong inference},
  author={Platt, John R},
  journal={science},
  volume={146},
  number={3642},
  pages={347--353},
  year={1964}
}

@article{Schmitt1978,
  title={Path analysis of multitrait-multimethod matrices},
  author={Schmitt, Neal},
  journal={Applied Psychological Measurement},
  volume={2},
  number={2},
  pages={157--173},
  year={1978}
}

@book{Deutsch2011,
  title={The beginning of infinity: Explanations that transform the world},
  author={Deutsch, David},
  year={2011},
  publisher={Penguin UK}
}

@incollection{Weiss1996,
  title={Affective events theory: A theoretical discussion of the structure, causes and consequences of affective experiences at work.},
  author={Weiss, Howard M and Cropanzano, Russell},
  editor={B M Staw and L L Cummings},
  booktitle={Research in organization behavior},
  year={1996},
  pages={1â€”74},
  publisher={JAI Press}
}

@article{Grandey2000,
  title={Emotional regulation in the workplace: A new way to conceptualize emotional labor.},
  author={Grandey, Alicia A},
  journal={Journal of occupational health psychology},
  volume={5},
  number={1},
  pages={95},
  year={2000}
}

@article{Baumeister2000,
  title={Ego depletion: A resource model of volition, self-regulation, and controlled processing},
  author={Baumeister, Roy F and Muraven, Mark and Tice, Dianne M},
  journal={Social cognition},
  volume={18},
  number={2},
  pages={130--150},
  year={2000}
}

@article{Einstein1911,
  title={Investigations on the Theory of the Brownian Movement},
  author={Einstein, Albert},
  journal={Annal. Physik},
  volume={34},
  pages={591--592},
  year={1911}
}

@article{Heisenberg1927,
  title={{\"U}ber den anschaulichen Inhalt der quantentheoretischen Kinematik und Mechanik [The ideological content of quantum theoretical kinematics and mechanics]},
  author={Heisenberg, Werner},
  booktitle={Original Scientific Papers Wissenschaftliche Originalarbeiten},
  pages={478--504},
  year={1927}
}

@article{Granger2004,
  title={Time series analysis, cointegration, and applications},
  author={Clive WJ Granger},
  journal={American Economic Review},
  pages={421--425},
  year={2004}
}

@article{Mook1983,
  title={In defense of external invalidity.},
  author={Mook, Douglas G},
  journal={American psychologist},
  volume={38},
  number={4},
  pages={379},
  year={1983}
}

@article{Cortina2011,
  title={The earth is not round (p=. 00)},
  author={Cortina, Jose M and Landis, Ronald S},
  journal={Organizational Research Methods},
  volume={14},
  number={2},
  pages={332--349},
  year={2011}
}

@article{Gigerenzer1998,
  title={Surrogates for theories},
  author={Gigerenzer, Gerd},
  journal={Theory \& Psychology},
  volume={8},
  number={2},
  pages={195--204},
  year={1998}
}

@article{Meehl1990,
  title={Why summaries of research on psychological theories are often uninterpretable},
  author={Meehl, Paul E},
  journal={Psychological reports},
  volume={66},
  number={1},
  pages={195--244},
  year={1990}
}

@article{Meehl1967,
  title={Theory-testing in psychology and physics: A methodological paradox},
  author={Meehl, Paul E},
  journal={Philosophy of science},
  volume={34},
  number={2},
  pages={103--115},
  year={1967}
}

@article{McGrath1981,
  title={Dilemmatics: The study of research choices and dilemmas},
  author={McGrath, Joseph E},
  journal={American Behavioral Scientist},
  volume={25},
  number={2},
  pages={179--210},
  year={1981}
}

@article{Schmitt1978,
  title={Path analysis of multitrait-multimethod matrices},
  author={Schmitt, Neal},
  journal={Applied Psychological Measurement},
  volume={2},
  number={2},
  pages={157--173},
  year={1978}
}


@article{Kirschbaum1993,
  title={Trier social stress test},
  author={Kirschbaum, Clemens},
  journal={Encyclopedia of psychopharmacology},
  pages={1755--1758},
  year={2015},
}